 @book{mulder2006user,  title={The user is always right: A practical guide to creating and using personas for the web},  author={Mulder, Steve and Yaar, Ziv},  year={2006},  publisher={New Riders}}@inproceedings{shudong2005limitations,  title={Limitations of mobile phone learning},  author={Shudong, Wang and Higgins, Michael},  booktitle={Wireless and Mobile Technologies in Education, 2005. WMTE 2005. IEEE International Workshop on},  pages={3--pp},  year={2005},  organization={IEEE}}@inproceedings{rahim2014engineering,  title={Engineering M-Learning Using Agile User-Centered Design},  author={Rahim, Wan Abdul and Isa, Wan Mohd and Lokman, Anitawati Mohd and Taharim, Nurwahida Faradila and Wahid, Noor Dina},  booktitle={Next Generation Mobile Apps, Services and Technologies (NGMAST), 2014 Eighth International Conference on},  pages={60--65},  year={2014},  organization={IEEE}}@article{calvo2014user,  title={User-centered requirement engineering for accessible chats in m-learning},  author={Calvo, Roc{\'\i}o and Iglesias, Ana and Moreno, Lourdes},  journal={Journal of Universal Computer Science},  volume={20},  number={7},  pages={964--985},  year={2014}}@book{pruitt2010persona,  title={The persona lifecycle: keeping people in mind throughout product design},  author={Pruitt, John and Adlin, Tamara},  year={2010},  publisher={Morgan Kaufmann}}@article{shin2011smartphones,  title={Smartphones as smart pedagogical tools: Implications for smartphones as u-learning devices},  author={Shin, Dong-Hee and Shin, Youn-Joo and Choo, Hyunseung and Beom, Khisu},  journal={Computers in Human Behavior},  volume={27},  number={6},  pages={2207--2214},  year={2011},  publisher={Elsevier}}@article{moore1973toward,  title={Toward a theory of independent learning and teaching},  author={Moore, Michael Grahame},  journal={The Journal of Higher Education},  pages={661--679},  year={1973},  publisher={JSTOR}}@article{goodwin2001perfecting,  title={Perfecting your personas},  author={Goodwin, Kim},  journal={Cooper Interaction Design Newsletter},  year={2001}}@inproceedings{junior2005user,  title={User modeling with personas},  author={Junior, Plinio Thomaz Aquino and Filgueiras, Lucia Vilela Leite},  booktitle={Proceedings of the 2005 Latin American conference on Human-computer interaction},  pages={277--282},  year={2005},  organization={ACM}}@book{cooper1999inmates,  title={The inmates are running the asylum:[Why high-tech products drive us crazy and how to restore the sanity]},  author={Cooper, Alan and others},  volume={261},  year={1999},  publisher={Sams Indianapolis}}

@article{idoughi2012adding,  title={Adding user experience into the interactive service design loop: a persona-based approach},  author={Idoughi, Djilali and Seffah, Ahmed and Kolski, Christophe},  journal={Behaviour \& Information Technology},  volume={31},  number={3},  pages={287--303},  year={2012},  publisher={Taylor \& Francis}}

@inproceedings{aoyama2005persona,  title={Persona-and-scenario based requirements engineering for software embedded in digital consumer products},  author={Aoyama, Mikio},  booktitle={Requirements Engineering, 2005. Proceedings. 13th IEEE International Conference on},  pages={85--94},  year={2005},  organization={IEEE}}@inproceedings{aoyama2007persona,  title={Persona-scenario-goal methodology for user-centered requirements engineering},  author={Aoyama, Mikio},  booktitle={Requirements Engineering Conference, 2007. RE'07. 15th IEEE International},  pages={185--194},  year={2007},  organization={IEEE}}@inproceedings{hisham2009experimenting,  title={Experimenting with the use of persona in a focus group discussion with older adults in Malaysia},  author={Hisham, Syariffanor},  booktitle={Proceedings of the 21st Annual Conference of the Australian Computer-Human Interaction Special Interest Group: Design: Open 24/7},  pages={333--336},  year={2009},  organization={ACM}}@article{liu2010understanding,
  title={Understanding the factors driving m-learning adoption: a literature review},
  author={Liu, Yong and Han, Shengnan and Li, Hongxiu},
  journal={Campus-Wide Information Systems},
  volume={27},
  number={4},
  pages={210--226},
  year={2010},
  publisher={Emerald Group Publishing Limited}
}

@article{traxler2007defining,
  title={Defining, Discussing and Evaluating Mobile Learning: The moving finger writes and having writ....},
  author={Traxler, John},
  journal={The International Review of Research in Open and Distance Learning},
  volume={8},
  number={2},
  year={2007}
}

@article{alshalabi2012effective,
  title={Effective M-learning design Strategies for computer science and Engineering courses},
  author={Alshalabi, Ibrahim Alkore and Elleithy, Khaled},
  journal={arXiv preprint arXiv:1203.1897},
  year={2012}
}

@article{melhuish2010looking,
  title={Looking to the future: M-learning with the iPad},
  author={Melhuish, Karen and Falloon, Garry},
  year={2010}
}

@article{crow2010switching,
  title={Switching gears: moving from e-learning to m-learning},
  author={Crow, Robert and Santos, Ieda M and LeBaron, John and McFadden, Anna T and Osborne, Christine F},
  journal={MERLOT Journal of Online Learning and Teaching},
  volume={6},
  number={1},
  pages={268--278},
  year={2010}
}

@article{cochrane2010smartphones,
  title={Smartphones give you wings: Pedagogical affordances of mobile Web 2.0},
  author={Cochrane, Thomas and Bateman, Roger},
  journal={Australasian Journal of Educational Technology},
  volume={26},
  number={1},
  pages={1--14},
  year={2010},
  publisher={Lawrence Erlbaum Associates}
}

@article{jones2006mobile,
  title={Mobile interaction design},
  author={Jones, Matt and Marsden, Gary},
  year={2006},
  publisher={$\{$John Wiley \& Sons$\}$}
}

@book{jones2004please,
  title={“Please turn ON your mobile phone”--First Impressions of Text-messaging in Lectures},
  author={Jones, Matt and Marsden, Gary},
  year={2004},
  publisher={Springer}
}

@article{park2011pedagogical,
  title={A pedagogical framework for mobile learning: Categorizing educational applications of mobile technologies into four types},
  author={Park, Yeonjeong},
  journal={The International Review of Research in Open and Distance Learning},
  volume={12},
  number={2},
  pages={78--102},
  year={2011}
}

@article{shearer2007instructional,
  title={Instructional design and the technologies: An overview},
  author={Shearer, Rick},
  journal={Handbook of distance education},
  volume={2},
  pages={219--232},
  year={2007},
  publisher={Routledge}
}

@article{moore19932,
  title={2 Theory of transactional distance},
  author={Moore, Michael G},
  journal={Theoretical principles of distance education},
  pages={22},
  year={1993},
  publisher={Psychology Press}
}

@article{moore1980independent,
  title={Independent study},
  author={Moore, Michael G},
  journal={Redefining the discipline of adult education},
  volume={5},
  pages={16--31},
  year={1980}
}

@book{cooper2007face,
  title={About face 3: the essentials of interaction design},
  author={Cooper, Alan and Reimann, Robert and Cronin, David},
  year={2007},
  publisher={John Wiley \& Sons}
}

